@misc{mediaAudience,
author = {Mitchell, Amy and Gottfried, Jeffrey and Kiley, Jocelyn and Eva Matsa, Katerina},
title = {Media Sources: Distinct Favorites Emerge on the Left and Right | Pew Research Center},
howpublished = {Retrieved from \url{http://www.journalism.org}},
month = {Oct},
year = {2014},
note = {(Accessed on 07/30/2016)}
} 

@inproceedings{vvr_electome2016,
  title={Automatic Detection and Categorization of Election-Related Tweets},
  author={Vijayaraghavan, Prashanth and Vosoughi, Soroush and Roy, Deb},
  booktitle={10th International AAAI Conference on Web and Social Media},
  year={2016}
}

@MastersThesis{vijayaraghavan-thesis,
  author={Prashanth Vijayaraghavan},
  title={{Automatic Identification of Representative Content on Twitter}},
  school={Massachusetts Institute of Technology},
  year={2016},
}

@article{PoliticalPolarization,
   author = {Mitchell, Amy and Gottfried, Jeffrey and Kiley, Jocelyn and Matsa, Katerina Eva},
   title = {Political Polarization \& Media Habits}, 
   journal={Pew Research Center},
   howpublished = {Retrieved from \url{http://www.journalism.org}},
   month = {Oct},
   day = {21},
   year = {2014},
   note = {(Accessed on 04/02/2016)}
}
 
@misc{Pew-news-sharing,
author = {Barthel, Micheal and Shearer, Elisa and Gottfried, Jeffrey and Mitchell, Amy},
title = {News Use on Facebook and Twitter Is on the Rise},
howpublished = {Retrieved from \url{http://www.journalism.org}},
journal={Pew Research Center},
month = {jul},
year = {2015}, 
note = {(Accessed on 04/27/2016)}
}

@Manual{lmerTest,
  title = {lmerTest: Tests in Linear Mixed Effects Models},
  author = {Alexandra Kuznetsova and Per {Bruun Brockhoff} and Rune {Haubo Bojesen Christensen}},
  year = {2016},
  note = {R package version 2.0-30},
  url = {https://CRAN.R-project.org/package=lmerTest},
}

@misc{pew-Twitter-news,
author = {Michael Barthel and Elisa Shearer and Jeffrey Gottfried and Amy Mitchell},
title = {How do Americans use Twitter for news?},
howpublished = {Retrieved from \url{http://www.pewresearch.org}},
journal={Pew Research Center},
month = {jul},
year = {2015},
note = {(Accessed on 07/12/2016)}
}

@article{berger2012makes,
  title={What makes online content viral?},
  author={Berger, Jonah and Milkman, Katherine L},
  journal={Journal of marketing research},
  volume={49},
  number={2},
  pages={192--205},
  year={2012},
  publisher={American Marketing Association}
}

@incollection{hansen2011good,
  title={Good friends, bad news-affect and virality in twitter},
  author={Hansen, Lars Kai and Arvidsson, Adam and Nielsen, Finn {\AA}rup and Colleoni, Elanor and Etter, Michael},
  booktitle={Future information technology},
  pages={34--43},
  year={2011},
  publisher={Springer}
}

@article{galtung1965structure,
  title={The structure of foreign news: The presentation of the Congo, Cuba and Cyprus crises in four Norwegian newspapers},
  author={Galtung, Johan and Ruge, Mari Holmboe},
  journal={Journal of peace research},
  volume={2},
  number={1},
  pages={64--90},
  year={1965},
  publisher={Sage Publications Sage CA: Thousand Oaks, CA}
} 
 
@article{colleoni2014echo,
  title={Echo chamber or public sphere? Predicting political orientation and measuring political homophily in Twitter using big data},
  author={Colleoni, Elanor and Rozza, Alessandro and Arvidsson, Adam},
  journal={Journal of Communication},
  volume={64},
  number={2},
  pages={317--332},
  year={2014},
  publisher={Wiley Online Library}
}

@inproceedings{stone1963computer,
  title={A computer approach to content analysis: studies using the general inquirer system},
  author={Stone, Philip J and Hunt, Earl B},
  booktitle={Proceedings of the May 21-23, 1963, spring joint computer conference},
  pages={241--256},
  year={1963},
  organization={ACM}
}

@article{goldhaber1997attention,
  title={The attention economy and the net},
  author={Goldhaber, Michael H},
  journal={First Monday},
  volume={2},
  number={4},
  year={1997}
}

@misc{election-fatigue,
author = {Gottfried, Jeffrey},
title = {Most Americans already feel election coverage fatigue},
howpublished = {Retrieved from \url{http://www.pewresearch.org}},
journal={Pew Research Center},
month = {Jul},
year = {2016},
note = {(Accessed on 07/16/2016)}
}

@misc{dislike-candidates,
author = {Newport, Frank and Dugan, Andrew},
title = {One in Four Americans Dislike Both Presidential Candidates},
howpublished = {Retrieved from \url{http://www.gallup.com}},
journal={Gallup},
month = {Jul},
year = {2016},
note = {(Accessed on 07/16/2016)}
} 

@article{scott1997regression,
  title={Regression models for categorical and limited dependent variables},
  author={Scott Long, J},
  journal={Advanced quantitative techniques in the social sciences},
  volume={7},
  year={1997},
  publisher={Sage Publications}
}  

@article{mitchell2013twitter,
  title={Twitter reaction to events often at odds with overall public opinion},
  author={Mitchell, Amy and Hitlin, Paul},
  journal={Pew Research Center},
  volume={4},
  year={2013}
}
 

The KEY field is here to override the KEY field in the journal being
cross referenced (so is the NOTE field, in addition to its imparting
information).
 