

Brody, J. E. (2007, December 11). Mental reserves keep brain agile. The New York Times. Retrieved from http://www.nytimes.com


@misc{Gallup-trust-2015,
author = {Riffkin, Rebecca},
title = {Americans' Trust in Media Remains at Historical Low},
journal={Gallup},
howpublished = {Retrieved from \url{http://www.gallup.com}},
month = {sep},
year = {2015},
note = {(Accessed on 04/20/2016)}
}

@article{Pew-bias-2012,
author = {}, 
title = {Perceptions of Bias, News Knowledge},
journal={Pew Research Center},
howpublished = {Retrieved from \url{http://www.people-press.org}},
month = {feb},
year = {2012},
note = {(Accessed on 04/06/2016)}
}

@article{gunther1988attitude,
  title={Attitude extremity and trust in media},
  author={Gunther, Albert},
  journal={Journalism \& Mass Communication Quarterly},
  volume={65},
  number={2},
  pages={279--287},
  year={1988},
  publisher={SAGE Publications}
}

@article{cacioppo1979effects,
  title={Effects of message repetition and position on cognitive response, recall, and persuasion.},
  author={Cacioppo, John T and Petty, Richard E},
  journal={Journal of personality and Social Psychology},
  volume={37},
  number={1},
  pages={97},
  year={1979},
  publisher={American Psychological Association}
}

@article{sherif1961social,
  title={Social judgment: Assimilation and contrast effects in communication and attitude change.},
  author={Sherif, Muzafer and Hovland, Carl I},
  year={1961},
  publisher={Yale Univer. Press}
}

@article{beyond-distrust,
author = {},
title = {Beyond Distrust: How Americans View Their Government},
howpublished = {Retrieved from \url{http://www.people-press.org}},
journal={Pew Research Center},
month = {nov},
year = {2015},
note = {(Accessed on 04/07/2016)}
}

@inproceedings{ladd2005attitudes,
  title={Attitudes toward the news media and voting behavior},
  author={Ladd, Jonathan McDonald},
  booktitle={Annual Meeting of the Midwest Political Science Association},
  year={2005}
}

@book{ladd2011americans,
  title={Why Americans hate the media and how it matters},
  author={Ladd, Jonathan M},
  year={2011},
  publisher={Princeton University Press}
}

@misc{Globe-language-article,
author = {Viser, Matt},
title = {For presidential hopefuls, simpler language resonates},
journal={The Boston Globe},
howpublished = {Retrieved from \url{http://www.bostonglobe.com}},
month = {oct},
year = {2015},
note = {(Accessed on 04/22/2016)}
}

@misc{Vocativ-speech,
author = {Fox, EJ and Spies, Mike and Gilat, Matan},
title = {ANALYSIS: Presidents' Speeches Getting Dumb \& Dumber},
howpublished = {Retrieved from \url{http://www.vocativ.com}},
month = {oct},
year = {2014},
note = {(Accessed on 04/22/2016)}
} 

@misc{Greenwald,
author = {},
title = {Is Glenn Greenwald the Future of News?},
journal = {The New York Times},
howpublished = {Retrieved from \url{http://www.nytimes.com}},
month = {oct},
year = {2013},
note = {(Accessed on 04/20/2016)}
}

@article{taber2006motivated,
  title={Motivated skepticism in the evaluation of political beliefs},
  author={Taber, Charles S and Lodge, Milton},
  journal={American Journal of Political Science},
  volume={50},
  number={3},
  pages={755--769},
  year={2006},
  publisher={Wiley Online Library}
}
 

@INBOOK{lippman1922public,
   author = "Walter Lippman",
   title = "Public Opinion",
   publisher = "Free Press",
   year = "1922",
   chapter = "6.1",
}

@article{nickerson1998confirmation,
  title={Confirmation bias: A ubiquitous phenomenon in many guises.},
  author={Nickerson, Raymond S},
  journal={Review of general psychology},
  volume={2},
  number={2},
  pages={175},
  year={1998},
  publisher={Educational Publishing Foundation}
}

@article{vallone1985hostile,
  title={The hostile media phenomenon: biased perception and perceptions of media bias in coverage of the Beirut massacre.},
  author={Vallone, Robert P and Ross, Lee and Lepper, Mark R},
  journal={Journal of personality and social psychology},
  volume={49},
  number={3},
  pages={577},
  year={1985},
  publisher={American Psychological Association}
}
@article{weisberg2008seductive,
  title={The seductive allure of neuroscience explanations},
  author={Weisberg, Deena Skolnick and Keil, Frank C and Goodstein, Joshua and Rawson, Elizabeth and Gray, Jeremy R},
  journal={Journal of cognitive neuroscience},
  volume={20},
  number={3},
  pages={470--477},
  year={2008},
  publisher={MIT Press}
}

@article{baum2008eye,
  title={In the eye of the beholder: How information shortcuts shape individual perceptions of bias in the media},
  author={Baum, Matthew A and Gussin, Phil and others},
  journal={Quarterly Journal of political science},
  volume={3},
  number={1},
  pages={1--31},
  year={2008},
  publisher={now publishers}
}

@misc{mediaAudience,
author = {Mitchell, Amy and Gottfried, Jeffrey and Kiley, Jocelyn and Eva Matsa, Katerina},
title = {Media Sources: Distinct Favorites Emerge on the Left and Right | Pew Research Center},
howpublished = {Retrieved from \url{http://www.journalism.org}},
month = {Oct},
year = {2014},
note = {(Accessed on 07/30/2016)}
}

@article{mason2012conducting,
  title={Conducting behavioral research on Amazon’s Mechanical Turk},
  author={Mason, Winter and Suri, Siddharth},
  journal={Behavior research methods},
  volume={44},
  number={1},
  pages={1--23},
  year={2012},
  publisher={Springer}
}

@misc{apFAQ,
author = {Associated Press},
title = {FAQs},
howpublished = {\url{http://www.ap.org/company/FAQs}},
month = {},
year = {2016},
note = {(Accessed on 04/21/2016)}
}

@techreport{dellavigna2006fox,
  title={The Fox News effect: Media bias and voting},
  author={DellaVigna, Stefano and Kaplan, Ethan},
  year={2006},
  institution={National Bureau of Economic Research}
}

@inproceedings{vvr_electome2016,
  title={Automatic Detection and Categorization of Election-Related Tweets},
  author={Vijayaraghavan, Prashanth and Vosoughi, Soroush and Roy, Deb},
  booktitle={10th International AAAI Conference on Web and Social Media},
  year={2016}
}

@article{PoliticalPolarization,
   author = {Mitchell, Amy and Gottfried, Jeffrey and Kiley, Jocelyn and Matsa, Katerina Eva},
   title = {Political Polarization \& Media Habits}, 
   journal={Pew Research Center},
   howpublished = {Retrieved from \url{http://www.journalism.org}},
   month = {Oct},
   day = {21},
   year = {2014},
   note = {(Accessed on 04/02/2016)}
}

@inproceedings{nigam1999using,
  title={Using maximum entropy for text classification},
  author={Nigam, Kamal and Lafferty, John and McCallum, Andrew},
  booktitle={IJCAI-99 workshop on machine learning for information filtering},
  volume={1},
  pages={61--67},
  year={1999}
}

@article{pedregosa2011scikit,
  title={Scikit-learn: Machine learning in Python},
  author={Pedregosa, Fabian and Varoquaux, Ga{\"e}l and Gramfort, Alexandre and Michel, Vincent and Thirion, Bertrand and Grisel, Olivier and Blondel, Mathieu and Prettenhofer, Peter and Weiss, Ron and Dubourg, Vincent and others},
  journal={The Journal of Machine Learning Research},
  volume={12},
  pages={2825--2830},
  year={2011},
  publisher={JMLR.org}
} 

@inproceedings{vincent2008extracting,
  title={Extracting and composing robust features with denoising autoencoders},
  author={Vincent, Pascal and Larochelle, Hugo and Bengio, Yoshua and Manzagol, Pierre-Antoine},
  booktitle={Proceedings of the 25th international conference on Machine learning},
  pages={1096--1103},
  year={2008},
  organization={ACM}
}

@techreport{kincaid1975derivation,
  title={Derivation of new readability formulas (automated readability index, fog count and flesch reading ease formula) for navy enlisted personnel},
  author={Kincaid, J Peter and Fishburne Jr, Robert P and Rogers, Richard L and Chissom, Brad S},
  year={1975},
  institution={DTIC Document}
}

@misc{Statu37online,
   author = {The Florida Legislature},
   title = {The 2015 Florida Statutes Title XXXVII},
   chapter = "627",
   howpublished = {\url{http://www.leg.state.fl.us/Statutes}},
   month = {},
   year = {},
   note = {(Accessed on 04/05/2016)}
}

@misc{March45online,
author = {},
title = {March 1 election results 2016 updates | The Washington Post},
howpublished = {\url{https://www.washingtonpost.com/2016-election-results/super-tuesday/}},
month = {mar},
year = {2016},
note = {(Accessed on 04/06/2016)}
}

@misc{CrowdFlower-guide,
author = {},
title = {Guide To Running Surveys: CrowdFlower Success Center},
howpublished = {Retrieved from \url{http://www.crowdflower.com}},
month = {},
year = {},
note = {(Accessed on 04/21/2016)}
}

@misc{CrowdFlower-levels,
author = {},
title = {Introducing Contributor Performance Levels: CrowdFlower Community},
howpublished = {Retrieved from \url{http://www.crowdflowercommunity.tumblr.com}},
month = {mar},
year = {2014},
note = {(Accessed on 04/21/2016)}
}

@inproceedings{finin2010annotating,
  title={Annotating named entities in Twitter data with crowdsourcing},
  author={Finin, Tim and Murnane, Will and Karandikar, Anand and Keller, Nicholas and Martineau, Justin and Dredze, Mark},
  booktitle={Proceedings of the NAACL HLT 2010 Workshop on Creating Speech and Language Data with Amazon's Mechanical Turk},
  pages={80--88},
  year={2010},
  organization={Association for Computational Linguistics}
}
 
@article{lee2010they,
  title={Why they don’t trust the media: An examination of factors predicting trust},
  author={Lee, Tien-Tsung},
  journal={American Behavioral Scientist},
  volume={54},
  number={1},
  pages={8--21},
  year={2010},
  publisher={Sage Publications}
}

@article{lee2005liberal,
  title={The liberal media myth revisited: An examination of factors influencing perceptions of media bias},
  author={Lee, Tien-Tsung},
  journal={Journal of Broadcasting \& Electronic Media},
  volume={49},
  number={1},
  pages={43--64},
  year={2005},
  publisher={Taylor \& Francis}
}

@misc{Pew-demographics,
author = {},
title = {Pew Demographic Survey Questions},
howpublished = {Retrieved from \url{http://www.pewresearch.org}},
month = {mar},
year = {2015},
note = {(Accessed on 04/22/2016)}
}

@misc{Pew-news-sharing,
author = {Barthel, Micheal and Shearer, Elisa and Gottfried, Jeffrey and Mitchell, Amy},
title = {News Use on Facebook and Twitter Is on the Rise},
howpublished = {Retrieved from \url{http://www.journalism.org}},
journal={Pew Research Center},
month = {jul},
year = {2015}, 
note = {(Accessed on 04/27/2016)}
}

@Manual{lmerTest,
  title = {lmerTest: Tests in Linear Mixed Effects Models},
  author = {Alexandra Kuznetsova and Per {Bruun Brockhoff} and Rune {Haubo Bojesen Christensen}},
  year = {2016},
  note = {R package version 2.0-30},
  url = {https://CRAN.R-project.org/package=lmerTest},
}

@misc{pew-Twitter-news,
author = {Michael Bartherl and Elisa Shearer and Jeffrey Gottfried and Amy Mitchell},
title = {How do Americans use Twitter for news?},
howpublished = {Retrieved from \url{http://www.pewresearch.org}},
journal={Pew Research Center},
month = {jul},
year = {2015},
note = {(Accessed on 07/12/2016)}
}

@article{berger2012makes,
  title={What makes online content viral?},
  author={Berger, Jonah and Milkman, Katherine L},
  journal={Journal of marketing research},
  volume={49},
  number={2},
  pages={192--205},
  year={2012},
  publisher={American Marketing Association}
}


Brody, J. E. (2007, December 11). Mental reserves keep brain agile. The New York Times. Retrieved from http://www.nytimes.com
@misc{nyt-trump-free-media,
author = {Confessore, Nicholas and Yourish, Karen},
title = {\$2 Billion Worth of Free Media for Donald Trump}, 
howpublished = {Retrieved from \url{http://www.nytimes.com}},
month = {mar},
year = {2016},
note = {(Accessed on 07/12/2016)}
}

@article{cogburn2011networked,
  title={From networked nominee to networked nation: Examining the impact of Web 2.0 and social media on political participation and civic engagement in the 2008 Obama campaign},
  author={Cogburn, Derrick L and Espinoza-Vasquez, Fatima K},
  journal={Journal of Political Marketing},
  volume={10},
  number={1-2},
  pages={189--213},
  year={2011},
  publisher={Taylor \& Francis}
}
@article{colleoni2014echo,
  title={Echo chamber or public sphere? Predicting political orientation and measuring political homophily in Twitter using big data},
  author={Colleoni, Elanor and Rozza, Alessandro and Arvidsson, Adam},
  journal={Journal of Communication},
  volume={64},
  number={2},
  pages={317--332},
  year={2014},
  publisher={Wiley Online Library}
}


@inproceedings{stone1963computer,
  title={A computer approach to content analysis: studies using the general inquirer system},
  author={Stone, Philip J and Hunt, Earl B},
  booktitle={Proceedings of the May 21-23, 1963, spring joint computer conference},
  pages={241--256},
  year={1963},
  organization={ACM}
}

@article{goldhaber1997attention,
  title={The attention economy and the net},
  author={Goldhaber, Michael H},
  journal={First Monday},
  volume={2},
  number={4},
  year={1997}
}

@misc{election-fatigue,
author = {Gottfried, Jeffrey},
title = {Most Americans already feel election coverage fatigue},
howpublished = {Retrieved from \url{http://www.pewresearch.org}},
journal={Pew Research Center},
month = {Jul},
year = {2016},
note = {(Accessed on 07/16/2016)}
}

@article{suler2004online,
  title={The online disinhibition effect},
  author={Suler, John},
  journal={Cyberpsychology \& behavior},
  volume={7},
  number={3},
  pages={321--326},
  year={2004},
  publisher={Mary Ann Liebert, Inc.}
}

@misc{dislike-candidates,
author = {Newport, Frank and Dugan, Andrew},
title = {One in Four Americans Dislike Both Presidential Candidates},
howpublished = {Retrieved from \url{http://www.gallup.com}},
journal={Gallup},
month = {Jul},
year = {2016},
note = {(Accessed on 07/16/2016)}
}
 
@article{vijayaraghavan2016automatic,
  title={Automatic Detection and Categorization of Election-Related Tweets},
  author={Vijayaraghavan, Prashanth and Vosoughi, Soroush and Roy, Deb},
  journal={arXiv preprint arXiv:1605.05150},
  year={2016}
}

@article{tange2011gnu,
  title={Gnu parallel-the command-line power tool},
  author={Tange, Ole and others},
  journal={The USENIX Magazine},
  volume={36},
  number={1},
  pages={42--47},
  year={2011}
}

@article{scott1997regression,
  title={Regression models for categorical and limited dependent variables},
  author={Scott Long, J},
  journal={Advanced quantitative techniques in the social sciences},
  volume={7},
  year={1997},
  publisher={Sage Publications}
}

@article{o2010not,
  title={Do not log-transform count data},
  author={O’hara, Robert B and Kotze, D Johan},
  journal={Methods in Ecology and Evolution},
  volume={1},
  number={2},
  pages={118--122},
  year={2010},
  publisher={Wiley Online Library}
}

@book{habermas1991structural,
  title={The structural transformation of the public sphere: An inquiry into a category of bourgeois society},
  author={Habermas, J{\"u}rgen},
  year={1991},
  publisher={MIT press}
} 

@article{mitchell2013twitter,
  title={Twitter reaction to events often at odds with overall public opinion},
  author={Mitchell, Amy and Hitlin, Paul},
  journal={Pew Research Center},
  volume={4},
  year={2013}
}

 

The KEY field is here to override the KEY field in the journal being
cross referenced (so is the NOTE field, in addition to its imparting
information).
 